% This file was created with Citavi 6.19.2.1

@online{ANK.2025,
 author = {Kugler, Frida and Ziemann, Lilja},
 editor = {{Arbeitnehmerkammer Bremen}},
 year = {2025},
 title = {Die Lücke schließen: Ursachen des Gender Pay Gaps},
 url = {https://www.arbeitnehmerkammer.de/gender-pay-gap.html},
 urldate = {2025-06-11},
 abstract = {},
 location = {Bremen},
 organization = {{Arbeitnehmerkammer Bremen}}
}


@misc{ArbnkB,
 author = {{Arbeitnehmerkammer Bremen}},
 title = {Beitragsordnung der Arbeitnehmerkammer im Lande Bremen},
 url = {https://www.arbeitnehmerkammer.de/fileadmin/user_upload/Gesch%C3%A4ftsf%C3%BChrung/Beitragsordnung_2022.pdf},
 urldate = {2025-04-03},
 pages = {1--3},
 pagination = {page},
 abstract = {},
 date = {2021},
 version = {07.10.2021},
 year = {2021}
}


@misc{ArbnkG,
 author = {{Senat der Bürgerschaft Bremen}},
 title = {Gesetz über die Arbeitnehmerkammer im Lande Bremen},
 url = {https://www.arbeitnehmerkammer.de/fileadmin/user_upload/Gesch%C3%A4ftsf%C3%BChrung/Gesetz_ueber_die_Arbeitnehmerkammer_im_Lande_Bremen_01.pdf},
 urldate = {2025-04-03},
 pages = {1--14},
 pagination = {page},
 abstract = {},
 date = {2000},
 version = {16. August 2022},
 year = {2000},
 titleaddon = {ArbnkG}
}


@misc{b.gering,
 author = {Bundestag},
 title = {§ 8 Geringfügige Beschäftigung und geringfügige selbständige Tätigkeit; Geringfügigkeitsgrenze. In: Sozialgesetzbuch (SGB) Viertes Buch (IV) - Gemeinsame Vorschriften für die Sozialversicherung - (Artikel I des Gesetzes vom 23. Dezember 1976, BGBl. I S. 3845)},
 url = {https://www.gesetze-im-internet.de/sgb_4/__8.html},
 urldate = {2025-04-23},
 abstract = {},
 titleaddon = {SGB IV}
}


@book{Bandura.1977,
 author = {Bandura, Albert},
 year = {1977},
 title = {Social learning theory},
 url = {https://suche.suub.uni-bremen.de/peid=B02329723&LAN=DE&CID=&index=L&Hitnr=9&dtyp=D&rtyp=a&Exemplar=1},
 keywords = {Kognition;Lerntheorie;Soziales Verhalten},
 publisher = {Prentice-Hall},
 isbn = {0138167516},
 location = {Englewood Cliffs, New Jersey},
 series = {Prentice-Hall series in social learning theory},
 abstract = {}
}


@book{Bandura.1977b,
 author = {Bandura, Albert},
 year = {1977},
 title = {Social Learning Theory},
 publisher = {{General Learning Press}},
 location = {New York},
 abstract = {}
}


@misc{banz.gering,
 author = {{Bundesministerium für Arbeit und Soziales}},
 title = {Bekanntmachung der Geringfügigkeitsgrenze nach § 8 Absatz 1a des Vierten Buches Sozialgesetzbuch},
 url = {https://www.bmas.de/SharedDocs/Downloads/DE/Arbeitsrecht/bekanntmachung-bundesanzeiger-geringfuegigkeitsgrenze-2022.pdf?__blob=publicationFile&v=7},
 urldate = {2025-04-24},
 abstract = {Bundesministerium 

für Arbeit und Soziales   

Bekanntmachung 

der Geringfügigkeitsgrenze 

nach § 8 Absatz 1a des Vierten Buches Sozialgesetzbuch 

Vom 30. November 2023 

Gemäß § 8 Absatz 1a Satz 3 des Vierten Buches Sozialgesetzbuch – Gemeinsame 

Vorschriften für die Sozialversicherung – in der Fassung der Bekanntmachung vom 

12. November 2009 (BGBl. I S. 3710, 3973; 2011 I S. 363), das zuletzt durch Ar

tikel 8 des Gesetzes vom 16. August 2023 (BGBl. 2023 I Nr. 217) geändert worden 

ist, wird bekannt gemacht: 

Die Geringfügigkeitsgrenze beträgt 

ab dem 1. Januar 2024: 538 Euro und 

ab dem 1. Januar 2025: 556 Euro. 

Berlin, den 30. November 2023 

Bundesministerium 

für Arbeit und Soziales 

Im Auftrag 

Marco Becker},
 date = {2023-12-07},
 year = {2023},
 titleaddon = {BAnz},
 editor = {Bundesanzeiger},
 issue = {BAnz AT 07.12.2023 B1}
}


@misc{bbkÖsterreich2023,
 year = {2023},
 title = {Welche Bedeutung hat politische Bildung für eine Demokratie?},
 url = {https://www.parlament.gv.at/fachinfos/rlw/Welche-Bedeutung-hat-politische-Bildung-fuer-eine-Demokratie},
 urldate = {2024-06-10},
 editor = {{Parlament Österreich}},
 abstract = {},
 organization = {{Parlament Österreich}},
 subtitle = {Aktionstage Politische Bildung 23. April bis 9. Mai 2024}
}


@article{Beckmann2022,
 author = {Beckmann, Eva and Goseberg, Lea Philline and Sondermann, Wiebke},
 year = {2022},
 title = {Zielgruppenspezifische politische Bildung abseits von Defizitorientierung},
 keywords = {Außerschulische Jugendbildung;Bildungsangebot;Demokratie;Politische Bildung;Zielgruppe},
 pages = {S. 28--31},
 pagination = {page},
 volume = {2-2022},
 journaltitle = {Journal für politische Bildung},
 subtitle = {Chancen und Herausforderungen mit Zielgruppenbezügen in der politischen Bildung},
 number = {12 (2)},
 abstract = {},
 pagetotal = {28}
}


@book{Behrens.2021,
 author = {Behrens, Rico and Besand, Anja and Breuer, Stefan},
 year = {2021},
 title = {Politische Bildung in reaktionären Zeiten},
 url = {https://www.wochenschau-verlag.de/Politische-Bildung-in-reaktionaeren-Zeiten/41136},
 urldate = {2025-05-29},
 publisher = {{Wochenschau Verlag}},
 isbn = {978-3-7344-1136-9},
 subtitle = {Plädoyer für eine standhafte Schule},
 location = {Frankfurt am Main},
 series = {Politik unterrichten},
 abstract = {Verlagsinfo: Dieses Buch liefert tiefe Einblicke in die Schwierigkeiten, die sich im Umgang mit menschenfeindlichen Herausforderungen im schulischen Kontext ergeben. An 32 realen Fallsituationen werden Handlungsmöglichkeiten aufgezeigt und diskutiert. Die grafisch illustrierten Fälle lassen sich direkt in pädagogischen Reflexionen sowie in Ausbildungssituationen einsetzen. Darüber hinaus bietet der Band grundlegende Informationen zur Vertiefung und geht dabei auch auf die wachsenden Gefahren rechtspopulistischer Argumentationsweisen ein. Ein eigener Teil des Buches beschäftigt sich mit Lösungsansätzen. Darin sind Argumentationshilfen für Alltagssituationen enthalten, aber auch Material für systemische Zugänge sowie zu schulorganisatorischen Fragen.},
 pagetotal = {368},
 doi = {10.46499/1725},
 organization = {{Wochenschau Verlag Dr. Kurt Debus GmbH}},
 file = {Behrens, Besand et al. 2021 - Politische Bildung in reaktionären Zeiten:Attachments/Behrens, Besand et al. 2021 - Politische Bildung in reaktionären Zeiten.pdf:application/pdf}
}


@incollection{Behrmann.2004,
 author = {Behrmann, Günter C. and Grammes, Tilman and Reinhardt, Sibylle and Hampe, Peter},
 title = {Politik: Kerncurriculum Sozialwissenschaften in der gymnasialen Oberstufe},
 pages = {322--406},
 bookpagination = {page},
 editor = {Tenorth, Heinz-Elmar},
 booktitle = {Kerncurriculum Oberstufe II. Biologie, Chemie, Physik, Geschichte, Politik. Expertisen - Im Auftrag der Ständigen Konferenz der Kultusminister},
 year = {2004},
 abstract = {},
 location = {Weinheim and Basel}
}


@book{Besand.2011,
 author = {{Autorengruppe Fachdidaktik}},
 year = {2011},
 title = {Konzepte der politischen Bildung},
 keywords = {Electronic books},
 edition = {2. Auflage},
 publisher = {{Wochenschau Verlag}},
 isbn = {9783734410628},
 subtitle = {Eine Streitschrift},
 location = {Schwalbach am Taunus},
 series = {Politik und Bildung},
 abstract = {Cover -- Titelseite -- Impressum -- Inhalt -- Zur Einführung -- Wolfgang Sander -- Kompetenzorientierung in Schule und politischer Bildung - eine kritische Zwischenbilanz -- Tilman Grammes -- Konzeptionen der politischen Bildung - bildungstheoretische Lesarten aus ihrer Geschichte -- Reinhold Hedtke -- Die politische Domäne im sozialwissenschaftlichen Feld -- Andreas Petrik -- Das Politische als soziokulturelles Phänomen -- Zur Notwendigkeit einer wertebezogenen, soziologischen und lernpsychologischen Modellierung politischer Basiskonzepte am Beispiel „politische Grundorientierungen{\textquotedbl} -- Dirk Lange -- Konzepte als Grundlage der politischen Bildung. Lerntheoretische und fachdidaktische Überlegungen -- Peter Henkenborg -- Wissen in der politischen Bildung - Positionen der Politikdidaktik -- Anja Besand -- Zum kompetenzorientierten Umgang mit Unterrichtsmaterialien und -medien -- Sibylle Reinhardt -- Fachdidaktische Prinzipien als Brücken zwischen Gegenstand und Methode: Unterrichtsplanung -- Autorengruppe Fachdidaktik -- Sozialwissenschaftliche Basiskonzepte als Leitideen der politischen Bildung - Perspektiven für Wissenschaft und Praxis -- Verzeichnis der Autorinnen und Autoren -- Weitere Bücher im Wochenschau Verlag -- Rückentext.},
 doi = {10.46499/1715},
 note = {Autor*innen: Besand, Anja; Grammes, Tilman; Hedtke, Reinhold; Henkenborg, Peter; Lange, Dirk; Petrik, Andreas; Reinhardt, Sibylle; Sander, Wolfgang}
}


@incollection{Besand.2016,
 author = {Besand, Anja},
 title = {Zum Verhältnis von Emotionalität und Professionalität in der politischen Bildung},
 pages = {77--83},
 bookpagination = {page},
 publisher = {Heinrich-Böll-Stiftung},
 isbn = {978-3-86928-151-3},
 series = {Schriften zur Demokratie / Heinrich-Böll-Stiftung},
 editor = {Heinrich-Böll-Stiftung},
 booktitle = {Ideologien der Ungleichwertigkeit},
 year = {2016},
 abstract = {},
 location = {Berlin},
 number = {Band 42},
 urldate = {2025-04-17}
}


@article{Besand.2019,
 author = {Besand, Anja},
 year = {2019},
 title = {Was ist gute politische Bildung in der Schule?},
 pages = {S. 262--276},
 pagination = {page},
 volume = {72},
 issn = {0006-2456},
 journaltitle = {Bildung und Erziehung},
 doi = {10.13109/buer.2019.72.3.262},
 number = {3},
 abstract = {}
}


@collection{Besand.2021,
 year = {2021},
 title = {Bildung nach reaktionären Revolutionen},
 publisher = {{Springer VS}},
 isbn = {978-3-658-32616-6},
 editor = {Besand, Anja},
 abstract = {},
 pagetotal = {219},
 doi = {10.1007/978-3-658-32617-3},
 note = {Besand, Anja (HerausgeberIn)},
 language = {ger},
 subtitle = {Was sich von der TV Serie The Handmaid’s Tale lernen lässt},
 location = {Wiesbaden},
 organization = {{Springer Fachmedien Wiesbaden}}
}


@incollection{Besand.2021b,
 author = {Besand, Anja},
 title = {Die Zukunft als Albtraum},
 url = {https://link.springer.com/chapter/10.1007/978-3-658-32617-3_8},
 urldate = {2025-05-30},
 pages = {105--123},
 bookpagination = {page},
 publisher = {{Springer VS}},
 isbn = {978-3-658-32616-6},
 editor = {Besand, Anja},
 booktitle = {Bildung nach reaktionären Revolutionen},
 year = {2021},
 abstract = {},
 doi = {10.1007/978-3-658-32617-3_8},
 location = {Wiesbaden},
 booksubtitle = {Was sich von der TV Serie The Handmaid’s Tale lernen lässt},
 file = {Besand 2021 - Die Zukunft als Albtraum:Attachments/Besand 2021 - Die Zukunft als Albtraum.pdf:application/pdf}
}


@misc{BGBl.2020-I-Nr67,
 author = {{Bundesgesetzblatt 2020 Teil I Nr. 67}},
 title = {Gesetz zur Verbesserung des Vollzugs im Arbeitsschutz (Arbeitsschutzkontrollgesetz)},
 url = {https://www.bgbl.de/xaver/bgbl/start.xav?start=%2F%2F%2A%5B%40attr_id%3D%27bgbl120s3334.pdf%27%5D#/switch/tocPane?_ts=1750343088377},
 urldate = {2025-06-18},
 pages = {3334--3343},
 pagination = {page},
 abstract = {},
 date = {2020-12-30},
 note = {ISSN 0341-1095},
 year = {2020},
 titleaddon = {BGBl. 2020 I Nr. 67},
 editor = {Bundesanzeiger},
 issue = {67}
}


@misc{BMAS-21.07.2020,
 author = {{Bundesministerium für Arbeit und Soziales}},
 title = {Referenzentwurf des Bundesministerium für Arbeit und Soziales: Entwurf eines Gesetzes zur Verbesserung des Vollzugs im Arbeitsschutz (Arbeitschutzkontrollgesetz)},
 url = {https://www.bmas.de/SharedDocs/Downloads/DE/Gesetze/Referentenentwuerfe/ref-arbeitsschutzkontrollgesetz.pdf?__blob=publicationFile&v=3},
 urldate = {2025-06-19},
 abstract = {},
 date = {2020-07-21},
 year = {21.07.2020}
}


@misc{bplan,
 author = {Block, Thorsten and Froböse, Claudia and Scharf, André and Witte, Thorsten},
 year = {2023},
 title = {Politik Bildungsplan},
 url = {https://www.lis.bremen.de/schulqualitaet/bildungsplaene/sekundarbereich-ii-berufsbildend-15316},
 urldate = {2024-05-16},
 editor = {{Die Senatorin für Kinder und Bildung}},
 abstract = {},
 location = {Bremen},
 organization = {{Landesinstitut für Schule Bremen}},
 subtitle = {für alle Bildungsgänge der berufsbildenden Schulen im Land Bremen}
}


@misc{BremSchulG,
 author = {{Bremische Bürgerschaft}},
 title = {Bremisches Schulgesetz},
 url = {https://www.transparenz.bremen.de/metainformationen/bremisches-schulgesetz-bremschulg-in-der-fassung-der-bekanntmachung-vom-28-juni-2005-175324},
 urldate = {2024-06-18},
 abstract = {},
 date = {2022-11-01},
 version = {28. Juni 2005 (Brem.GBl. 2005, S. 260, 388, 398) zuletzt Inhaltsverzeichnis geändert, § 72a neu gefasst durch Artikel 4 des Gesetzes vom 14. Dezember 2021 (Brem.GBl. S. 913, 917)},
 note = {Brem.GBl. 2005, S. 260, 388, 398},
 year = {2022},
 titleaddon = {BremSchulG}
}


@misc{Bundestag.31.08.2020,
 author = {{Deutscher Bundestag}},
 title = {Gesetzentwurf der Bundesregierung: Entwurf eines Gesetzes zur Verbesserung des Vollzugs im Arbeitsschutz (Arbeitschutzkontrollgesetz)},
 url = {https://dserver.bundestag.de/btd/19/219/1921978.pdf},
 urldate = {2025-06-19},
 booktitle = {Drucksache 19/21978},
 abstract = {},
 date = {2020-08-31},
 year = {31.08.2020},
 editor = {Drucksache 19/21978}
}


@collection{Cerankowski.2024,
 year = {2024},
 title = {Asexualities},
 keywords = {Asexuality;Asexuality (Sexual orientation);Feminist theory;Queer theory;Sex;Sexual attraction;Sexual desire disorders;Sexual orientation},
 edition = {Revised and expanded ten-year anniversary edition},
 publisher = {{Routledge Taylor {\&} Francis Group}},
 isbn = {9781032014777},
 series = {Routledge research in Gender and Society},
 editor = {Cerankowski, Karli June and Milks, Megan},
 abstract = {{\textquotedbl}As one of the first book-length collections of critical essays on the topic of asexuality, Asexualities: Feminist and Queer Perspectives became a foundational text in the burgeoning field of asexuality studies. This revised and expanded ten-year anniversary edition both celebrates the book's impact and features new scholarship at the vanguard of the field. While this edition includes some of the most-cited original chapters, it also features critical updates as well as new, innovative work by both up-and-coming and established scholars and activists from around the world. It thus brings in more global perspectives on asexualities, engages intersectionally with international formations of race and racialization, critiques global capital's effects on identity and kinship, examines how digital worlds shape lived realities, considers posthuman becomings, experiments with the form of the manifesto and calls to action, and imagines love and relation in ecologies that exceed and even supersede the human. This cutting-edge, multidisciplinary, interdisciplinary book serves as a valuable resource for everyone-from those who are just beginning their critical exploration of asexualities to advanced researchers who seek to deepen their theoretical engagements with the field{\textquotedbl}--},
 subtitle = {Feminist and queer perspectives, revised and expanded ten-year anniversary edition},
 location = {Abingdon and New York}
}


@incollection{Christophe.2017,
 author = {Christophe, Barbara and Kohl, Christoph and Liebau, Heike},
 title = {Politische Dimensionen historischer Authentizität: Lokale Geschichte(n), (Macht-)Politik und die Suche nach Identität},
 pages = {9--34},
 bookpagination = {page},
 publisher = {{De Gruyter}},
 isbn = {9783112402856},
 editor = {Christophe, Barbara and Kohl, Christoph and Liebau, Heike},
 booktitle = {Geschichte als Ressource},
 year = {2017},
 abstract = {},
 doi = {10.1515/9783112402856-001}
}


@collection{Christophe.2017b,
 year = {2017},
 title = {Geschichte als Ressource},
 publisher = {{De Gruyter}},
 isbn = {9783112402856},
 editor = {Christophe, Barbara and Kohl, Christoph and Liebau, Heike},
 abstract = {},
 doi = {10.1515/9783112402856}
}


@book{Detjen.2012,
 author = {Detjen, Joachim and Massing, Peter and Richter, Dagmar and Weißeno, Georg},
 year = {2012},
 title = {Politikkompetenz – ein Modell},
 publisher = {{Springer Fachmedien Wiesbaden}},
 isbn = {978-3-658-00784-3},
 location = {Wiesbaden},
 abstract = {},
 doi = {10.1007/978-3-658-00785-0}
}


@collection{Dickel2022,
 year = {2022},
 title = {Ethik für die Geographiedidaktik},
 publisher = {{transcript Verlag}},
 isbn = {978-3-8376-6229-0},
 series = {Sozial- und Kulturgeographie},
 editor = {Dickel, Mirka and Gudat, Georg and Laub, Jochen},
 abstract = {},
 doi = {10.14361/9783839462294},
 location = {Bielefeld, Germany}
}


@collection{Drucksache.19.21978,
 title = {Drucksache 19/21978},
 abstract = {}
}


@incollection{Eichborn2022,
 author = {Eichborn, Uta},
 title = {Das Rahmenwerk Scrum im Unterricht – Wie wir mit agilen Methoden im Unterricht den Erwerb von Zukunftskompetenzen fördern können},
 pages = {203--227},
 bookpagination = {page},
 publisher = {{Springer VS}},
 isbn = {978-3-658-38174-5},
 series = {Research},
 editor = {Stricker, Tobias},
 booktitle = {Agilität in der Schulentwicklung},
 year = {2022},
 abstract = {},
 doi = {10.1007/978-3-658-38175-2_12},
 location = {Wiesbaden and Heidelberg},
 booksubtitle = {Perspektiven aus Theorie, Forschung und Praxis},
 file = {Eichborn 2022 - Das Rahmenwerk Scrum im Unterricht:Attachments/Eichborn 2022 - Das Rahmenwerk Scrum im Unterricht.pdf:application/pdf}
}


@article{Elsasser.2017,
 author = {Elsässer, Lea and Hense, Svenja and Schäfer, Armin},
 year = {2017},
 title = {\enquote{Dem Deutschen Volke}? Die ungleiche Responsivität des Bundestags},
 url = {https://link.springer.com/article/10.1007/s41358-017-0097-9},
 urldate = {2025-05-29},
 pages = {S. 161--180},
 pagination = {page},
 volume = {27},
 journaltitle = {ZPol (Zeitschrift für Politikwissenschaft)},
 doi = {10.1007/s41358-017-0097-9},
 number = {2},
 abstract = {},
 file = {Elsässer, Hense et al. 2017 - Dem Deutschen Volke:Attachments/Elsässer, Hense et al. 2017 - Dem Deutschen Volke.pdf:application/pdf},
 note = {PII:  97}
}


@collection{Engartner.2017,
 year = {2017},
 title = {Wie viel ökonomische Bildung braucht politische Bildung?},
 volume = {Band 16},
 publisher = {{Wochenschau Verlag}},
 isbn = {373440486X},
 series = {Wochenschau Wissenschaft},
 editor = {Engartner, Tim and Krisanthan, Balasundaram},
 abstract = {},
 pagetotal = {182},
 note = {Gesellschaft für Politikdidaktik und politische Jugend- und Erwachsenenbildung (GPJE)},
 location = {Schwalbach am Taunus},
 file = {Engartner, Krisanthan (Hg.) 2017 - Wie viel ökonomische Bildung braucht:Attachments/Engartner, Krisanthan (Hg.) 2017 - Wie viel ökonomische Bildung braucht.pdf:application/pdf}
}


@collection{Engartner.2017b,
 year = {2017},
 title = {Wieviel ökonomische Bildung braucht politische Bildung?},
 url = {https://elibrary.utb.de/doi/book/10.46499/9783734404870},
 keywords = {Didaktik;Lernstrategien;Ökonomie;ökonomische Bildung;Politik;Politische Bildung;Sozialkunde;Unterricht;Wirtschaft},
 edition = {1. Auflage},
 publisher = {{Wochenschau Verlag}},
 isbn = {9783734404870},
 editor = {Engartner, Tim and Krisanthan, Balasundaram},
 abstract = {In Reaktion auf die in der wissenschaftlichen und öffentlichen Debatte intensiv diskutierten Fragen nach der curricularen Verankerung und inhaltlichen Ausgestaltung ökonomischer Bildung vereint der Band mögliche Anknüpfungspunkte für eine (weitere) Integration oder Separation politischer und ökonomischer Bildung. Um die mit der Verzahnung der sozialwissenschaftlichen Teildisziplinen verbundenen Argumentationsmuster zu ergründen, dokumentiert der Band u.?a. Beiträge zu folgenden Fragen: Kann Politik ohne ökonomische Kompetenzen und Ökonomie ohne politische Kompetenzen verstanden werden? Soll ökonomische Bildung in einem Integrations- oder Partikularfach unterrichtet werden? Welche didaktischen Prinzipien und Konzepte sprechen für oder gegen einen inter-/transdisziplinären Zugang?},
 pagetotal = {1184},
 note = {Engartner, Tim (HerausgeberIn)
Krisanthan, Balasundaram (HerausgeberIn)
Engartner, Tim (HerausgeberIn)
Krisanthan, Balasundaram (HerausgeberIn)},
 language = {ger},
 location = {Frankfurt am Main}
}


@book{Engartner.2023,
 author = {Engartner, Christine},
 year = {2023},
 title = {Beruf und Gesellschaft},
 keywords = {Education and state;Political science},
 edition = {1st ed. 2023},
 publisher = {{Springer Fachmedien Wiesbaden} and {Imprint Springer VS}},
 isbn = {978-3-658-42966-9},
 subtitle = {Ansprüche, Wirklichkeiten und Herausforderungen des Politikunterrichts an Berufsschulen},
 language = {ger},
 location = {Wiesbaden},
 series = {Politische Bildung},
 abstract = {Einleitung -- Das Verhältnis der beruflichen Bildung zur politischen BildunG -- Grundsätze politischer Bildung – oder: Eine politische Bildung für die Berufsschule? -- Lebenslage der Auszubildenden: Sozialisationstheoretische Perspektive auf Jugend und Ausbildung -- Methodisches Design zur Erforschung gesellschaftlicher Orientierungen von Auszubildenden -- Auswertungsergebnisse der gesellschaftlichen Orientierungen von Auszubildenen -- Schlussbetrachtung -- Literaturverzeichnis.



Im Einklang mit den jüngeren curricularen Entwicklungen offenbart die institutionelle Segmentierung des allgemein- und berufsbildenden Schulwesens eine insbesondere für die Leitfächer der politischen Bildung problematische Verkürzung des (Allgemein-)Bildungsanspruchs. Statt die gesellschaftspolitische Wirkmächtigkeit politischer Bildung zu akzentuieren, dominieren vielfach entpolitisierende „Kammerprüfungen“ den Politikunterricht. Angesichts der wachsenden Kluft zwischen der „politischen Elite“ einerseits und den sozioökonomisch weniger privilegierten Bevölkerungsgruppen andererseits, ist diese Entwicklung nicht nur pädagogisch, sondern auch politisch in besonderer Weise bedenklich. Vor diesem Hintergrund werden im vorliegenden Buch konstitutive Merkmale des Politikunterrichts in der dualen Ausbildung erörtert. Dazu werden historisch gewachsene Strukturen sowie aktuelle curriculare Entwicklungen der politischen Bildung an Berufsschulen problematisiert, um anschließend – ausgehend vom politikdidaktischen Prinzip der Lebensweltorientierung – die Gesellschaftsdeutungen von Auszubildenden hinsichtlich ihrer Teilhabeerfahrungen und -vorstellungen auszuwerten. Die Autorin Christine Engartner hat am Fachbereich Sozialwissenschaften der Universität Bremen promoviert. Dort war sie – unterbrochen von einem sechsmonatigen Forschungsaufenthalt als Fulbright-Stipendiatin an der University of California (Berkeley) – vor ihrem Wechsel an die RWTH Aachen als wissenschaftliche Mitarbeiterin tätig.},
 pagetotal = {65051},
 doi = {10.1007/978-3-658-42967-6},
 note = {Engartner, Christine (VerfasserIn)},
 file = {Engartner 2023 - Beruf und Gesellschaft:Attachments/Engartner 2023 - Beruf und Gesellschaft.pdf:application/pdf}
}


@article{engartner2022,
 author = {Engartner, Christine},
 year = {2022},
 title = {Die Stellung des Politikunterrichts an Berufsschulen. Eine Analyse prägender Rahmendokumente für das Leitfach der politischen Bildung},
 pages = {S. 323--331},
 pagination = {page},
 volume = {71},
 issn = {00165875},
 journaltitle = {GWP – Gesellschaft. Wirtschaft. Politik},
 shortjournal = {GWP},
 doi = {10.3224/gwp.v71i3.07},
 number = {3-2022},
 abstract = {}
}


@collection{Fischer.2014,
 year = {2014},
 title = {Sozioökonomische Bildung},
 url = {http://fox.leuphana.de/portal/de/publications/sozioekonomische-bildung(27d3c54b-860d-4197-b5dd-d421e42624b0).html},
 keywords = {Berufliche Bildung;Nachhaltige Bildung},
 volume = {Band 1436},
 publisher = {{bpb Bundeszentrale für politische Bildung}},
 isbn = {978-3-8389-0436-8},
 series = {Schriftenreihe / Bundeszentrale für Politische Bildung},
 editor = {Fischer, Andreas and Zurstrassen, Bettina},
 abstract = {},
 pagetotal = {413},
 note = {Fischer, Andreas (HerausgeberIn)
Zurstrassen, Bettina (HerausgeberIn)
https://www.bpb.de/shop/buecher/schriftenreihe/191470/soziooekonomische-bildung/},
 language = {ger},
 location = {Bonn}
}


@incollection{Frevel.2008,
 author = {Frevel, Bernhard and Groß, Hermann},
 title = {„Polizei ist Ländersache!“ — Politik der Inneren Sicherheit},
 pages = {67--88},
 bookpagination = {page},
 publisher = {{VS Verl. für Sozialwiss}},
 isbn = {978-3-531-15418-3},
 editor = {Hildebrandt, Achim and Wolf, Frieder},
 booktitle = {Die Politik der Bundesländer},
 year = {2008},
 abstract = {},
 doi = {10.1007/978-3-531-90910-3_4},
 location = {Wiesbaden},
 booksubtitle = {Staatstätigkeit im Vergleich},
 edition = {1. Aufl.},
 file = {Frevel, Groß 2008 - Polizei ist Ländersache:Attachments/Frevel, Groß 2008 - Polizei ist Ländersache.pdf:application/pdf}
}


@incollection{Gesner2016,
 author = {Geßner, Rebekka and Hoffmann, Kora and Lotz, Mathias and Wohnig, Alexander},
 title = {Brauchen wir den Beutelsbacher Konsens? Bericht über eine Fachtagung},
 url = {https://www.bpb.de/system/files/dokument_pdf/1793_Beutelsbacher_Konsens_ba.pdf},
 pages = {28--36},
 bookpagination = {page},
 publisher = {{Bundeszentrale für politische Bildung}},
 isbn = {978-3-8389-0793-2},
 series = {Schriftenreihe / Bundeszentrale für Politische Bildung},
 editor = {Widmaier, Benedikt and Zorn, Peter},
 booktitle = {Brauchen wir den Beutelsbacher Konsens?},
 year = {2016},
 abstract = {},
 location = {Bonn},
 booksubtitle = {Eine Debatte der politischen Bildung},
 number = {Band 1793},
 urldate = {2025-05-21}
}


@article{Giesecke.1999,
 author = {Giesecke, Hermann},
 year = {1999},
 title = {Entstehung und Krise der Fachdidaktik Politik 1960-1976},
 url = {https://www.bpb.de/shop/zeitschriften/apuz/archiv/538800/apuz-7-8-1999/},
 urldate = {2025-05-28},
 pages = {S. 13--23},
 pagination = {page},
 journaltitle = {Aus Politik und Zeitgeschichte (APuZ)},
 number = {7-8},
 abstract = {},
 note = {ISSN: 0479-611 X}
}


@book{Giesecke.2015,
 author = {Giesecke, Hermann},
 year = {2015},
 title = {Pädagogik als Beruf},
 url = {http://ebooks.ciando.com/book/index.cfm/bok_id/1914414},
 keywords = {Berufsbild;Freizeitpädagogik;Pädagogische Handlung;Psychologie / Pädagogik {\#} Pädagogik;Schulpädagogik;Sozialpädagogik},
 edition = {12., überarbeitete Auflage},
 publisher = {{Beltz Juventa} and Ciando},
 isbn = {9783779942221},
 subtitle = {Grundformen pädagogischen Handelns},
 language = {ger},
 location = {Weinheim and Basel and Weinheim and Basel and München},
 abstract = {Professionelles pädagogisches Handeln reduziert sich angesichts veränderter kultureller Gegebenheiten von der umfassenden Einflussnahme auf den Erziehungs- und Bildungsprozess zur gezielten Bereitstellung von Lernangeboten. Gleichzeitig weitet es sich aus von der Beeinflussung der Kinder und Jugendlichen auf jede Art von Lernen in allen Altersstufen und Anwendungszusammenhängen. Ziel dieser Darstellung ist nicht eine systematische Theorie des pädagogischen Handelns, sondern der Versuch, es vom Standpunkt des Handelnden zu beschreiben, sodass dieser ein Instrument erhält, mit dem er sein Handeln in seiner Situation reflektieren kann. Hermann Giesecke, Jg. 1932, Dr. phil., ist emeritierter Professor für Pädagogik und Sozialpädagogik an der Universität Göttingen.},
 pagetotal = {1153},
 note = {Giesecke, Hermann (VerfasserIn)}
}


@collection{GlaserZikuda.2012,
 year = {2012},
 title = {Mixed Methods in der empirischen Bildungsforschung},
 keywords = {Education;Methodology;Research},
 volume = {74},
 publisher = {Waxmann},
 isbn = {9783830924852},
 series = {... Tagung der Arbeitsgruppe für Empirisch-Pädagogische Forschung (AEPF)},
 editor = {Gläser-Zikuda, Michaela and Seidel, Tina and Rohlfs, Carsten and Gröschner, Alexander and Ziegelbauer, Sascha},
 abstract = {},
 pagetotal = {308},
 note = {Gläser-Zikuda, Michaela (Hrsg.)
Seidel, Tina (Hrsg.)
Rohlfs, Carsten (Hrsg.)
Gröschner, Alexander (Hrsg.)
Ziegelbauer, Sascha (Hrsg.)
Gläser-Zikuda, Michaela (Hrsg.)
Seidel, Tina (Hrsg.)
Rohlfs, Carsten (Hrsg.)
Gröschner, Alexander (Hrsg.)
Ziegelbauer, Sascha (Hrsg.)},
 language = {ger;eng},
 subtitle = {AEPF Jena 2010},
 location = {Münster and München and Berlin}
}


@book{GlaserZikuda.2012b,
 author = {Gläser-Zikuda, Michaela},
 year = {2012},
 title = {Mixed Methods in der empirischen Bildungsforschung},
 url = {https://elibrary.utb.de/doi/book/10.31244/9783830974857},
 keywords = {Datenanalyse;design-based research;Einschulungsentscheidungen;Empirische Bildungsforschung;Empirische Erziehungswissenschaft;fachdidaktische Unterrichtsforschung;formative Evaluation;Forschungsmethoden der Psychologie;Gütestandards;interprofessioneller Kooperation;kritischer Multiplizismus;Lehrerprofessionalisierung;Lehrerüberzeugungen;leitbildbasierte Biodiversitätsbildung;Mehrebenenanalyse;Methoden {\&} Evaluation;Methoden der empirischen Sozialforschung;Mixed-Methods-Design;Naturwissenschaftliche Kompetenz;Qualitative Bildungsforschung;qualitative Inhaltsanalyse;soziale Kompetenz;Triangulation;Unterrichtsentwicklung;Videoanalysen},
 volume = {74},
 publisher = {Waxmann},
 isbn = {9783830974857},
 language = {ger;eng},
 location = {Münster and München and Berlin},
 series = {... Tagung der Arbeitsgruppe für Empirisch-Pädagogische Forschung (AEPF)},
 abstract = {Im Sinne forschungsmethodischer Triangulation und in Orientierung an Mixed-Model-Designs finden sich in der empirischen Bildungsforschung seit einigen Jahren vermehrt Studien, die eine Kombination qualitativer und quantitativer Instrumente und Analysen im Sinne eines gemeinsamen Forschungsansatzes realisieren. Vor diesem Hintergrund wurden im Rahmen der 74. Tagung der Arbeitsgruppe für Empirische Pädagogische Forschung (AEPF) 2010 in Jena zentrale methodologische Fragen und vielfältige empirische Studien präsentiert und diskutiert. Der vorliegende Band greift diese Diskussion auf und spannt einen exemplarischen Bogen von den forschungsmethodischen Grundlagen und Perspektiven bis hin zu konkreten Anwendungsbeispielen aus der empirischen Schul- und Unterrichtsforschung sowie der Lehrerbildungsforschung.



Im Sinne forschungsmethodischer Triangulation und in Orientierung an Mixed-Model-Designs finden sich in der empirischen Bildungsforschung seit einigen Jahren vermehrt Studien, die eine Kombination qualitativer und quantitativer Instrumente und Analysen im Sinne eines gemeinsamen Forschungsansatzes realisieren. Vor diesem Hintergrund wurden im Rahmen der 74. Tagung der Arbeitsgruppe für Empirische Pädagogische Forschung (AEPF) 2010 in Jena zentrale methodologische Fragen und vielfältige empirische Studien präsentiert und diskutiert. Der vorliegende Band greift diese Diskussion auf und spannt einen exemplarischen Bogen von den forschungsmethodischen Grundlagen und Perspektiven bis hin zu konkreten Anwendungsbeispielen aus der empirischen Schul- und Unterrichtsforschung sowie der Lehrerbildungsforschung. Über den Autor:Michaela Gläser-Zikuda ist Professorin für Schulpädagogik und Allgemeine Didaktik an der Friedrich-Schiller-Universität Jena.Dr. Carsten Rohlfs ist Professor in Vertretung am Lehrstuhl für Schulpädagogik und Schulentwicklung am Institut für Erziehungswissenschaft der Fakultät für Sozial- und Verhaltenswissenschaften an der Friedrich-Schiller-Universität Jena.},
 organization = {{Deutsche Gesellschaft für Erziehungswissenschaft}}
}


@incollection{Gloe2020,
 author = {Gloe, Markus and Oeftering, Tonio},
 title = {Didaktik der politischen Bildung},
 pages = {87--132},
 bookpagination = {page},
 publisher = {{Bundeszentrale für politische Bildung}},
 isbn = {978-3-7425-0230-8},
 series = {Schriftenreihe / Bundeszentrale für Politische Bildung},
 editor = {Meyer, Dorothee and Hilpert, Wolfram and Lindmeier, Bettina},
 booktitle = {Grundlagen und Praxis inklusiver politischer Bildung},
 year = {2020},
 abstract = {},
 subtitle = {Ein Überblick über Ziele und Grundlagen inklusiver politischer Bildung},
 location = {Bonn},
 number = {Band 10230}
}


@misc{Gokbudak2020,
 author = {Gökbudak, Mahir and Hedtke, Reinhold},
 year = {2020},
 title = {3. Ranking Politische Bildung. Politische Bildung an allgemeinbildenden Schulen der Sekundarstufe I im Bundesländervergleich 2019},
 keywords = {Allgemein bildende Schule;Baden-Wurtemberg;Baden-Wurttemberg;Baden-Württemberg;Bayern;Berlin;Berufsorientierung;Betriebspraktikum;Bildungspolitik;Brandenburg;Bremen;Bundesland;Citizenship education;Civic education;Community School;Comprehensive school;Comprehensive secondary school;Curriculum subject;Curriculumvergleich;Democracy;Demokratie;Demokratische Bildung;Deutschland;educational policy;Empirical study;Empirische Untersuchung;Fachfremder Unterricht;Fachunterricht;Gemeinschaftsschule;General education school;Geografieunterricht;Geography Education;Geography lessons;German academic secondary school;Germany;Gesamtschule;Geschichtsunterricht;Gesellschaftswissenschaftlicher Unterricht;Grammar School;Gymnasium;Hamburg;Hessen;History lessons;In-plant training;Intermediate school;Lower level secondary education;Lower Saxony;Lower secondary;Lower secondary education;Mecklenburg-Vorpommern;Mecklenburg-Western Pomerania;Nationaler Vergleich;Niedersachsen;Nordrhein-Westfalen;North Rhine-Westphalia;North-Rhine Westphalia;Oberschule;Occupational orientation;Political education;Politische Bildung;Practice period for pupils;Quantitative Analyse;Quantitative research;Quote;Ranking;Ratio;Realschule;Rheinland-Pfalz;Rhineland-Palatinate;Saarland;Sachsen;Sachsen-Anhalt;Saxony;Saxony-Anhalt;Schleswig-Holstein;School level of education;School system;Schulbildung;Schülerpraktikum;Schulfach;Schulform;Schulsystem;Secondary education lower level;Secondary school;Sekundarschule;Sekundarstufe I;Sozialwissenschaftlicher Unterricht;Stellenwert;Stundentafel;Subject;Teaching of a special subject;Teaching of geography;Teaching of history;Thüringen;Thuringia;Time-table;Timetables (School);Type of school},
 number = {11},
 publisher = {{Universität Bielefeld, Fakultät für Soziologie}},
 editor = {{Universität Bielefeld, Fakultät für Soziologie: Didaktik der Sozialwissenschaften, Working Papers}},
 abstract = {Das 3. Ranking Politische Bildung 2019 misst den Stellenwert der politischen Bildung in Schulen der Sekundarstufe I und liefert einen quantitativen Vergleich der Bundesländer. Der empirische Indikator für die Relevanz schulischer politischer Bildung ist die Stundentafelquote des Leitfaches der politischen Bildung. Sie erfasst, vereinfacht gesprochen, den Anteil politischer Bildung an der gesamten Lernzeit eines Bildungsgangs. [...] Die Bundesländer schneiden im Ranking Politische Bildung sehr unterschiedlich ab. [...] Das 3. Ranking vergleicht erstmals die Lernzeit für politische Bildung mit der verbindlichen Zeit für Berufsorientierung einschließlich Schülerbetriebspraktikum, die zur ökonomischen Bildung zählt. [...] Für die Demokratiebildung existieren weder verbindliche Maßnahmen noch verlässliche Zeitkontingente. Die Analyse der Daten zeigt erneut, dass die Bildungspolitik die sehr große Ungleichheit beim Erwerb von politischer Kompetenz und demokratischen Einstellungen in der Schule beseitigen muss. Das gilt auch hinsichtlich der Zeitressourcen für die politische Bildung und die Demokratiebildung im Vergleich zur obligatorischen Berufsorientierung. (DIPF/Orig.)},
 doi = {10.25656/01:19456},
 location = {Bielefeld},
 note = {ISSN 2364-7698}
}


@collection{Gortler.2017,
 year = {2017},
 title = {Kritische politische Bildung: Standpunkt und Perspektiven},
 url = {https://www.wochenschau-verlag.de/Kritische-politische-Bildung-Standpunkte-und-Perspektiven/40420 ODER https://elibrary.utb.de/doi/book/10.46499/9783734404207},
 keywords = {Cultural Studies;Demokratie;Empirie;Gesellschaftstheorie;kritische;Methoden;Politikdidaktik;Politikunterricht;Politikwissenschaft 2018{\_}2;Politische Bildung;politische Urteilen;Professionalisierung;Werte},
 urldate = {2025-05-06},
 publisher = {{Wochenschau Verlag}},
 isbn = {9783734404207},
 series = {Wochenschau Wissenschaft},
 editor = {Görtler, Michael and Lotz, Mathias and Partetzke, Marc and {Poma Poma}, Sara and Samland, Marie},
 abstract = {In der politischen Bildung wird die Debatte um eine kritische politische Bildung erneut geführt. Im Fokus der Debattenbeiträge stehen unterschiedliche Vorstellungen hinsichtlich Notwendigkeit, Begründung, Zielen, Inhalten und Methoden einer kritischen politischen Bildung im schulischen wie außerschulischen Bereich. Dieser Band zeigt unterschiedliche Standpunkte und Forschungsperspektiven auf, wie sie diesbezüglich auf der GPJE-Nachwuchstagung im Frühjahr 2016 an der Universität Bremen diskutiert worden sind. Der Band gliedert sich in drei Teile. Der erste umfasst theoretische wie konzeptionelle Beiträge. Im zweiten Teil steht die empirische Forschung im Mittelpunkt. Im dritten Teil werden schließlich die politisch-bildnerische Praxis und deren Reflexion thematisiert. Insgesamt werfen die Beiträge einen differenzierten Blick auf die Debatte um den Gehalt einer kritischen politischen Bildung. Dabei setzen sich die Autorinnen und Autoren mit Argumenten aus der aktuellen Diskussion auseinander und beleuchten blinde Flecken.},
 location = {Schwalbach am Taunus}
}


@collection{Gortler2015,
 year = {2015},
 title = {Politische Bildung und Zeit},
 publisher = {{Springer Fachmedien Wiesbaden}},
 isbn = {978-3-658-14193-6},
 series = {Research},
 editor = {Görtler, Michael},
 abstract = {},
 doi = {10.1007/978-3-658-14194-3},
 note = {Görtler, Michael (VerfasserIn)},
 language = {ger},
 location = {Wiesbaden},
 titleaddon = {Dissertation},
 organization = {{Springer Fachmedien Wiesbaden}}
}


@incollection{Gortler2015b,
 author = {Görtler, Michael},
 title = {Methoden der politischen Bildung und Zeit},
 pages = {261--280},
 bookpagination = {page},
 publisher = {{Springer Fachmedien Wiesbaden}},
 isbn = {978-3-658-14193-6},
 series = {Research},
 editor = {Görtler, Michael},
 booktitle = {Politische Bildung und Zeit},
 year = {2015},
 abstract = {},
 doi = {10.1007/978-3-658-14194-3_12},
 location = {Wiesbaden},
 booktitleaddon = {Dissertation},
 file = {Görtler 2016 - Methoden der politischen Bildung:Attachments/Görtler 2016 - Methoden der politischen Bildung.pdf:application/pdf}
}


@misc{gpje.satzung,
 author = {{Gesellschaft für Politikdidaktik und politische Jugend- und Erwachsenenbildung}},
 title = {Satzung der GPJE},
 url = {https://gpje.de/satzung/},
 urldate = {2024-05-06},
 abstract = {},
 date = {2000-06-04},
 version = {22.06.2012},
 year = {04.06.2000}
}


@book{gpje2004,
 author = {Detjen, Joachim and Kuhn, Hans-Werner and Massing, Peter and Richter, Dagmar and Sander, Wolfgang and Weißeno, Georg},
 year = {2004},
 title = {Anforderungen an Nationale Bildungsstandards für den Fachunterricht in der Politischen Bildung an Schulen},
 url = {https://gpje.de/wp-content/uploads/2024/07/Bildungsstandards-1.pdf},
 urldate = {2025-05-29},
 edition = {2. Auflage},
 publisher = {{Wochenschau Verlag}},
 isbn = {3-89974112-9},
 subtitle = {Ein Entwurf},
 location = {Schwalbach am Taunus},
 abstract = {},
 note = {Gesellschaft für Politikdidaktik und politische Jugend- und Erwachsenenbildung (GPJE)},
 file = {GPJE 2024 Entwurf Bildungsstandards-1-edited:Attachments/GPJE 2024 Entwurf Bildungsstandards-1-edited.pdf:application/pdf},
 editorc = {{Satz {\&} Gestaltung: Besand, Anja}},
 editorctype = {collaborator}
}


@incollection{Grammes.2005,
 author = {Grammes, Tilman},
 title = {Das sachlogische Kerncurriculum},
 pages = {41--61},
 bookpagination = {page},
 publisher = {{VS Verlag für Sozialwissenschaften}},
 isbn = {978-3-531-14647-8},
 editor = {Jung, Eberhard},
 booktitle = {Standards für die politische Bildung},
 year = {2005},
 abstract = {},
 doi = {10.1007/978-3-322-80750-2_4},
 location = {Wiesbaden}
}


@incollection{Gupta.2022,
 author = {Gupta, Yash},
 title = {Following the Dead},
 pages = {176--188},
 bookpagination = {page},
 publisher = {{Routledge India}},
 isbn = {9781003294436},
 editor = {Pulugurtha, Nishi},
 booktitle = {Literary Representations of Pandemics, Epidemics and Pestilence},
 year = {2022},
 abstract = {},
 doi = {10.4324/9781003294436-22},
 subtitle = {Digital Obituaries as Rituals of Selective Remembrance During the COVID-19 Pandemic},
 location = {London}
}


@incollection{Gupta.2024,
 author = {Gupta, Yash},
 title = {(SA)FE SP(ACES)},
 pages = {197--207},
 bookpagination = {page},
 publisher = {{Routledge Taylor {\&} Francis Group}},
 isbn = {9781032014777},
 series = {Routledge research in Gender and Society},
 editor = {Cerankowski, Karli June and Milks, Megan},
 booktitle = {Asexualities},
 year = {2024},
 abstract = {},
 subtitle = {Conjugality and Sex in Online South Asian Asexual Discourses},
 location = {Abingdon and New York},
 booksubtitle = {Feminist and queer perspectives, revised and expanded ten-year anniversary edition},
 edition = {Revised and expanded ten-year anniversary edition}
}


@collection{Häcker2024,
 year = {2024},
 title = {EIN Unterricht für Alle? Zur Planbarkeit des Gemeinsamen und Kooperativen im Inklusiven},
 url = {https://nbn-resolving.org/urn:nbn:de:0111-pedocs-290502},
 keywords = {370 Education;370 Erziehung;Bildungsforschung;Chemieunterricht;Chemistry Education;Cooperation;Deutschland;Didactic analysis;Didaktik;Didaktische Analyse;Differenzierung;Educational research;Empirical study;Empirische Untersuchung;Entwicklungslogische Didaktik;Feuser;Georg;Germany;Heterogene Lerngruppe;Heterogeneity;Heterogenität;Inclusion;Individual instruction;Individualisierung;Individualization;Individuelles Lernen;Inklusion;Integration;Integrationsforschung;Integrative education;Integrative Pädagogik;Kooperation;Learning process;Lehrerbildung;Lernprozess;Lesson Planing;Literaturunterricht;Natural sciences lessons;Naturwissenschaftlicher Unterricht;Planen;Planning of teaching;Praxeologie;Reflexion <Phil>;School development;School system;Schul- und Bildungswesen;Schulentwicklung;Schulsystem;Sociology of knowledge;Teacher education;Teachers' training;Teaching;Teaching of Chemistry;Teaching of literature;Teaching of science;Teaching practice;Training method;Unterricht;Unterrichtsmaterial;Unterrichtsplanung;Unterrichtspraxis;Unterstützte Kommunikation;Vielfalt;Wissenssoziologie},
 urldate = {2024-06-12},
 publisher = {{Verlag Julius Klinkhardt}},
 isbn = {978-3-7815-6078-9},
 editor = {Häcker, Thomas and Köpfer, Andreas and Rühlow, Daniel and Granzow, Stefanie},
 abstract = {Die gesellschaftliche Relevanz des Themas Inklusion ist unbestritten. Gleichwohl findet eine Transformation zu einem inklusiven Schulsystem nach wie vor nur in Ansätzen statt. Dieser Band widmet sich daher der Schlüsselfrage, wie gemeinsame Lernprozesse geplant werden können. Ausgangspunkte bilden zum einen die Entwicklungslogische Didaktik von Georg Feuser, zum anderen die im Rahmen der Qualitätsoffensive Lehrerbildung erfolgte Abschlusstagung „EIN Unterricht für alle – (un)planbar? Konzepte für einen inklusiven Unterricht im Diskurs mit Georg Feuser“. Unter dem Fokus des Gemeinsamen und Kooperativen versammelt der Band in interdisziplinären Beiträgen (didaktische) Prämissen, Konzepte, Planungsinstrumente und empirische Forschungswege für einen Unterricht, der den Anspruch an Inklusion erfüllt. (DIPF/Orig.)},
 doi = {10.25656/01:29050},
 language = {de},
 location = {Bad Heilbrunn},
 organization = {{DIPF | Leibniz-Institut für Bildungsforschung und Bildungsinformation}}
}


@book{Hagemeyer.2023,
 author = {Hagemeyer, Lennart and Faltas, Charlotte and Faus, Jana},
 year = {2023},
 title = {Gelegenheitswähler*innen auf der Spur},
 url = {https://library.fes.de/pdf-files/a-p-b/20465.pdf},
 publisher = {{Friedrich-Ebert-Stiftung Abteilung Analyse Planung und Beratung}},
 isbn = {978-3-98628-401-5},
 subtitle = {Motive der Nichtwahl und Wege zur Stärkung der Wahlbeteiligung},
 location = {Berlin},
 series = {FES diskurs},
 abstract = {}
}


@incollection{Hedtke.2014,
 author = {Hedtke, Reinhold},
 title = {Was ist sozio-ökonomische Bildung?},
 url = {%},
 pages = {81--127},
 bookpagination = {page},
 publisher = {{bpb Bundeszentrale für politische Bildung}},
 isbn = {978-3-8389-0436-8},
 series = {Schriftenreihe / Bundeszentrale für Politische Bildung},
 editor = {Fischer, Andreas and Zurstrassen, Bettina},
 booktitle = {Sozioökonomische Bildung},
 year = {2014},
 abstract = {},
 location = {Bonn},
 number = {Band 1436}
}


@article{Hedtke.2015,
 author = {Hedtke, Reinhold},
 year = {2015},
 title = {Sozioökonomische Bildung},
 pages = {S. 3--18},
 pagination = {page},
 volume = {4},
 issn = {21938806},
 journaltitle = {Haushalt in Bildung {\&} Forschung},
 shortjournal = {HiBiFo},
 doi = {10.3224/hibifo.v4i3.20689},
 number = {3},
 abstract = {},
 file = {Hedtke 2015 - Sozioökonomische Bildung:Attachments/Hedtke 2015 - Sozioökonomische Bildung.pdf:application/pdf}
}


@misc{Hedtke2016,
 author = {Hedtke, Reinhold},
 year = {2016},
 title = {Paradigmatische Parteilichkeit, lückenhafte Lehrpläne und tendenziöses Unterrichtsmaterial?},
 url = {https://www.ssoar.info/ssoar/handle/document/66437},
 keywords = {Bildung und Erziehung;Bildungspolitik;Bundesrepublik Deutschland;Curriculum;Didactics;Didaktik;economic education;Education;educational policy;Fachdidaktik;Federal Republic of Germany;Lehrplan;Nordrhein-Westfalen;North Rhine-Westphalia;ökonomische Bildung;Sonderbereiche der Pädagogik;Special areas of Education;subject didactics;syllabus;Teaching;teaching materials;Unterricht;Unterrichtsmaterial;Wirtschaftsunterricht},
 urldate = {2025-04-02},
 number = {1},
 series = {FGW-Studie Neues ökonomisches Denken},
 editor = {{Forschungsinstitut für gesellschaftliche Weiterentwicklung e.V.}},
 abstract = {Die Debatte um die sozio/ökonomische Bildung an Schulen hält an. Der Beitrag analysiert sie aus politischer, fachdidaktisch konzeptioneller, fachwissenschaftlicher, curricularer und medialer Perspektive und fragt: Welche Akteurgruppen prägen das Feld, und was wollen sie erreichen? Welche Bildungsziele verfolgt die sozioökonomische Bildung? Was sind die wissenschaftlichen und bildungspolitischen Schwächen der gängigen Konzepte ökonomischer Bildung? Orientieren sie sich hinreichend am wissenschaftlichen Diskussionsstand? Berücksichtigen sie auch Wissen aus dem breiten Feld von Politischer Ökonomie, Wirtschaftspolitik und Makroökonomik? Wie ist dieser Bereich in den Kernlehrplänen der einschlägigen Fächer repräsentiert? Wer bringt externe Unterrichtsmaterialien mit welchen Strategien in die Schulen? Wie gehen Lehrkräfte damit um?},
 location = {Düsseldorf},
 file = {Hedtke 2016 - Paradigmatische Parteilichkeit:Attachments/Hedtke 2016 - Paradigmatische Parteilichkeit.pdf:application/pdf},
 note = {ISSN 2510-4497},
 subtitle = {Eine Studie zu Gestalt und Gehalt sozio/ökonomischer Bildung}
}


@collection{Heidenreich.2012,
 year = {2012},
 title = {Politische Theorie und Emotionen},
 edition = {1},
 volume = {Band 23},
 publisher = {{Nomos Verlagsgesellschaft mbH {\&} Co. KG}},
 isbn = {9783845238364},
 editor = {Heidenreich, Felix and Schaal, Gary S.},
 abstract = {},
 doi = {10.5771/9783845238364},
 location = {Baden-Baden}
}


@incollection{Heidenreich.2012a,
 author = {Heidenreich, Felix},
 title = {Versuch eines Überblicks: Politische Theorie und Emotionen},
 pages = {9--28},
 bookpagination = {page},
 publisher = {{Nomos Verlagsgesellschaft mbH {\&} Co. KG}},
 isbn = {9783845238364},
 editor = {Heidenreich, Felix and Schaal, Gary S.},
 booktitle = {Politische Theorie und Emotionen},
 year = {2012},
 abstract = {},
 doi = {10.5771/9783845238364-9},
 location = {Baden-Baden},
 edition = {1},
 number = {Band 23}
}


@collection{HeinrichBollStiftung.2016,
 year = {2016},
 title = {Ideologien der Ungleichwertigkeit},
 url = {https://www.boell.de/de/2016/04/15/ideologien-der-ungleichwertigkeit},
 urldate = {2025-04-17},
 volume = {Band 42},
 publisher = {Heinrich-Böll-Stiftung},
 isbn = {978-3-86928-151-3},
 series = {Schriften zur Demokratie / Heinrich-Böll-Stiftung},
 editor = {Heinrich-Böll-Stiftung},
 abstract = {},
 pagetotal = {240},
 language = {ger},
 location = {Berlin},
 organization = {{Bildungswerk Weiterdenken -  Heinrich-Böll-Stiftung Sachsen}},
 file = {201605_ideologien_der_ungleichwertigkeit:Attachments/201605_ideologien_der_ungleichwertigkeit.epub:application/epub+zip}
}


@incollection{Helsper.2001,
 author = {Helsper, Werner},
 title = {Antinomien des Lehrerhandelns — Anfragen an die Bildungsgangdidaktik},
 pages = {83--103},
 bookpagination = {page},
 publisher = {{VS Verlag für Sozialwissenschaften}},
 isbn = {978-3-8100-3345-1},
 editor = {Hericks, Uwe and Keuffer, Josef and Kräft, Hans Christof and Kunze, Ingrid},
 booktitle = {Bildungsgangdidaktik},
 year = {2001},
 abstract = {},
 doi = {10.1007/978-3-663-05749-9_6},
 location = {Wiesbaden}
}


@collection{Hericks.2001,
 year = {2001},
 title = {Bildungsgangdidaktik},
 publisher = {{VS Verlag für Sozialwissenschaften}},
 isbn = {978-3-8100-3345-1},
 editor = {Hericks, Uwe and Keuffer, Josef and Kräft, Hans Christof and Kunze, Ingrid},
 abstract = {},
 doi = {10.1007/978-3-663-05749-9},
 location = {Wiesbaden}
}


@collection{Hildebrandt.2008,
 year = {2008},
 title = {Die Politik der Bundesländer},
 keywords = {Federal government;Germany;Politics and government;State governments},
 edition = {1. Aufl.},
 publisher = {{VS Verl. für Sozialwiss}},
 isbn = {978-3-531-15418-3},
 editor = {Hildebrandt, Achim and Wolf, Frieder},
 abstract = {Dieser Band bietet einen umfassenden Überblick über die Politik in den Bundesländern. Er beschreibt die Unterschiede in Staatstätigkeit und Institutionenpolitik, die zwischen den Bundesländern bestehen, und analysiert theoriegeleitet die Erklärungsfaktoren dieser Variation. Außerdem geht er auf die Veränderungen ein, welche sich in Folge der Föderalismusreform ergeben. Angesichts der in vielen Politikfeldern großen Bedeutung der Landespolitik und der bislang nur sporadischen und vorwiegend deskriptiven Befassung der Politikwissenschaft mit ihr schließt der Band eine bedeutende Forschungslücke. (Quelle: Verlag).},
 pagetotal = {374},
 doi = {15418},
 note = {Hildebrandt, Achim (Hrsg.)},
 language = {ger},
 subtitle = {Staatstätigkeit im Vergleich},
 location = {Wiesbaden}
}


@article{Holzer.2010,
 author = {Holzer, Daniela},
 year = {2010},
 title = {Benennen wir doch endlich Defizite! Ein kritischer Kommentar zur Defizitorientierung in Zielgruppendiskussionen},
 keywords = {370 Education;370 Erziehung;Adult education;Adult training;Benachteiligung;Continuing education;Deficit;Defizit;Disadvantage;Erwachsenenbildung;Further education;Gesellschaft;Gesellschaftskritik;Schul- und Bildungswesen;Social criticism;Society;Target group;Weiterbildung;Zielgruppe},
 issn = {1993-6818},
 journaltitle = {Magazin erwachsenenbildung.at},
 titleaddon = {Magazin erwachsenenbildung.at (2010) 10, 6 S},
 language = {de},
 doi = {10.25656/01:7519},
 abstract = {Haben wir die Defizitorientierung in der Weiterbildung schon überwunden? Oder wirkt sie im Hintergrund permanent fort? Im Bildungsbereich werden Defizite meist individuell gedacht als fehlende Fähigkeiten und Fertigkeiten der Einzelnen. Was aber als „fehlend“ angesehen wird, ist – abhängig von den vorherrschenden gesellschaftlichen Verhältnissen – vor-definiert und wird in unserem Umfeld aktuell zumeist ökonomisch argumentiert. Für wirtschaftliche Ziele – höhere Profite, erfolgreichen Wettbewerb oder Steigerungsraten aller Art – werden „passende“ Menschen benötigt. Dementsprechend werden Zielgruppen der Erwachsenenbildung definiert und den darin vorkommenden Menschen zu behebende Defizite zugeschrieben. In diesem Beitrag plädiert die Autorin dafür, doch endlich gesellschaftliche Defizite zu benennen, insbesondere jenes, ständig nur Defizite orten zu wollen. (DIPF/Orig.)

Have we overcome deficit orientation in continuing education yet? Or does it continue to permanently affect us in the background? In education, deficits are often thought of as the individual’s lack of capabilities and skills. However, what is considered to be “lacking” – depending on the prevailing social conditions – is predefined and mostly takes the form of economic arguments in our field. For economic goals – higher profits, successful competition or growth rates of all kinds – people who “fit in” are required. Accordingly, target groups in adult education are defined and deficits to be eliminated are attributed to the people belonging to these groups. In this article, the author advocates finally naming deficits of society, especially the permanent wish to locate deficits. (DIPF/Orig.)}
}


@misc{Hufer.2022,
 author = {Hufer, Klaus-Peter},
 year = {2022},
 title = {Selbstwirksamkeit},
 url = {https://profession-politischebildung.de/grundlagen/grundbegriffe/selbstwirksamkeit/},
 urldate = {0205-07-02},
 abstract = {},
 date = {2022-04-26},
 organization = {{Bundesausschuss Politische Bildung (bap) e.V.}}
}


@collection{Jung.2005,
 year = {2005},
 title = {Standards für die politische Bildung},
 publisher = {{VS Verlag für Sozialwissenschaften}},
 isbn = {978-3-531-14647-8},
 editor = {Jung, Eberhard},
 abstract = {},
 doi = {10.1007/978-3-322-80750-2},
 location = {Wiesbaden}
}


@book{kerschensteiner1966,
 author = {Kerschensteiner, Georg},
 year = {1966},
 title = {Berufsbildung und Berufsschule},
 url = {https://digi20.digitale-sammlungen.de/de/fs1/object/display/bsb00045616_00005.html},
 urldate = {2025-04-02},
 publisher = {{Ferdinand Schöningh}},
 subtitle = {Ausgewählte Pädagogische Schriften . Band 1},
 location = {Paderborn},
 abstract = {}
}


@book{Kiesel2012,
 author = {Kiesel, Andrea and Koch, Iring},
 year = {2012},
 title = {Lernen},
 keywords = {Allgemeine Psychologie;Beobachtungslernen;Cognitive psychology;Fachhochschul-/Hochschulausbildung;Kausalitätslernen;Kognition;Konditionieren;Learning, psychology of;Lernen;motorisches Lernen;Neuropsychology;Paperback / softback;unbewusstes Lernen;Wissenserwerb},
 edition = {1. Auflage},
 publisher = {{VS Verlag für Sozialwissenschaften}},
 isbn = {978-3-531-17607-9},
 subtitle = {Grundlagen der Lernpsychologie},
 location = {Wiesbaden},
 series = {Basiswissen Psychologie},
 abstract = {Kompakt und verständlich stellt dieser Band die psychologischen Grundlagen des Lernens vor. Behandelt werden sowohl klassische behavioristische Lerntheorien, wie z.B. das klassische und operante Konditionieren, als auch neuere Ansätze, die in der aktuellen Forschung eine wichtige Rolle spielen. Neben theoretischen Erläuterungen werden Anwendungsmöglichkeiten von Lerntheorien z.B. in der Psychotherapie aufgezeigt.}
}


@thesis{Klein2022,
 author = {Klein, Paul},
 year = {2022},
 title = {Lernen als Diskurs mit dem Beutelsbacher Konsens},
 abstract = {},
 type = {Hausarbeit},
 institution = {{Universität Bremen}},
 location = {Bremen}
}


@misc{KMK.2005,
 year = {2005},
 title = {Einheitliche Prüfungsanforderungen in der Abiturprüfung Sozialkunde/Politik},
 editor = {Kultusministerkonferenz},
 abstract = {},
 organization = {Kultusministerkonferenz},
 file = {KMK 2005 - Einheitliche Prüfungsanforderungen in der Abiturprüfung SozialkundePolitik - 1989_12_01-EPA-Sozialk-Politik:Attachments/KMK 2005 - Einheitliche Prüfungsanforderungen in der Abiturprüfung SozialkundePolitik - 1989_12_01-EPA-Sozialk-Politik.pdf:application/pdf},
 subtitle = {Beschluss der Kultusministerkonferenz vom 01.12.1989 i. d. F. vom 17.11.2005}
}


@misc{KMKMittel,
 title = {Definition Lern- und Lehrmittel},
 url = {https://www.kmk.org/themen/allgemeinbildende-schulen/weitere-themen/lehr-und-lernmittel.html},
 urldate = {2024-07-01},
 editor = {Kultusministerkonferenz},
 abstract = {}
}


@misc{Kosmyna.10.06.2025,
 author = {Kosmyna, Nataliya and Hauptmann, Eugene and Yuan, Ye Tong and Situ, Jessica and Liao, Xian-Hao and Beresnitzky, Ashly Vivian and Braunstein, Iris and Maes, Pattie},
 year = {10.06.2025},
 title = {Your Brain on ChatGPT: Accumulation of Cognitive Debt when Using an AI Assistant for Essay Writing Task},
 url = {http://arxiv.org/pdf/2506.08872},
 keywords = {Artificial Intelligence (cs.AI);Computer Science - Artificial Intelligence},
 abstract = {This study explores the neural and behavioral consequences of LLM-assisted essay writing. Participants were divided into three groups: LLM, Search Engine, and Brain-only (no tools). Each completed three sessions under the same condition. In a fourth session, LLM users were reassigned to Brain-only group (LLM-to-Brain), and Brain-only users were reassigned to LLM condition (Brain-to-LLM). A total of 54 participants took part in Sessions 1-3, with 18 completing session 4. We used electroencephalography (EEG) to assess cognitive load during essay writing, and analyzed essays using NLP, as well as scoring essays with the help from human teachers and an AI judge. Across groups, NERs, n-gram patterns, and topic ontology showed within-group homogeneity. EEG revealed significant differences in brain connectivity: Brain-only participants exhibited the strongest, most distributed networks; Search Engine users showed moderate engagement; and LLM users displayed the weakest connectivity. Cognitive activity scaled down in relation to external tool use. In session 4, LLM-to-Brain participants showed reduced alpha and beta connectivity, indicating under-engagement. Brain-to-LLM users exhibited higher memory recall and activation of occipito-parietal and prefrontal areas, similar to Search Engine users. Self-reported ownership of essays was the lowest in the LLM group and the highest in the Brain-only group. LLM users also struggled to accurately quote their own work. While LLMs offer immediate convenience, our findings highlight potential cognitive costs. Over four months, LLM users consistently underperformed at neural, linguistic, and behavioral levels. These results raise concerns about the long-term educational implications of LLM reliance and underscore the need for deeper inquiry into AI's role in learning.},
 pagetotal = {206},
 file = {Kosmyna, Hauptmann et al. 10.06.2025 - Your Brain on ChatGPT:Attachments/Kosmyna, Hauptmann et al. 10.06.2025 - Your Brain on ChatGPT.pdf:application/pdf}
}


@misc{Kultusministerkonferenz.01.12.1989,
 author = {Kultusministerkonferenz},
 title = {Einheitliche Prüfungsanforderungen in der Abiturprüfung Sozialkunde/Politik Beschluss der Kultusministerkonferenz},
 url = {https://www.kmk.org/fileadmin/Dateien/veroeffentlichungen_beschluesse/1989/1989_12_01-EPA-Sozialkunde-Politik.pdf},
 urldate = {2025-05-28},
 abstract = {},
 date = {1989-12-01},
 version = {17.11.2005},
 year = {01.12.1989}
}


@article{Lenhart2002,
 author = {Lenhart, Volker},
 year = {2002},
 title = {Analyse von Unterrichtsmaterialien der Menschenrechtsbildung},
 url = {https://www.jstor.org/stable/pdf/3445361},
 urldate = {2024-06-12},
 pages = {S. 199--216},
 pagination = {page},
 volume = {48},
 journaltitle = {International review of education},
 language = {ger},
 number = {3-4},
 abstract = {},
 pagetotal = {18}
}


@incollection{Lindau2022,
 author = {Lindau, Anne-Kathrin and Kuckuck, Miriam},
 title = {Eine Schulbuchanalyse zu BNE-bezogenen Aufgabenstellungen zum Kompetenzbereich Handlung im Geographieunterricht},
 url = {https://www.transcript-open.de/doi/10.14361/9783839462294-009},
 urldate = {2024-06-12},
 pages = {169--192},
 bookpagination = {page},
 volume = {58},
 publisher = {{transcript Verlag}},
 isbn = {978-3-8376-6229-0},
 series = {Sozial- und Kulturgeographie},
 editor = {Dickel, Mirka and Gudat, Georg and Laub, Jochen},
 booktitle = {Ethik für die Geographiedidaktik},
 year = {2022},
 abstract = {},
 doi = {10.14361/9783839462294-009},
 location = {Bielefeld, Germany}
}


@misc{LisBildungspläne,
 author = {{Landesinstitut für Schule Bremen}},
 year = {2024},
 title = {Bildungspläne Sekundarbereich II - berufsbildend},
 url = {https://www.lis.bremen.de/schulqualitaet/bildungsplaene/sekundarbereich-ii-berufsbildend-15316},
 urldate = {2024-06-05},
 editor = {{Senatorin für Bildung und Wissenschaft}},
 abstract = {},
 organization = {{Landesinstitut für Schule Bremen}}
}


@collection{Losch2010,
 year = {2010},
 title = {Kritische politische Bildung},
 url = {https://elibrary.utb.de/doi/epdf/10.46499/9783734406058},
 keywords = {Methoden politischer Bildung},
 urldate = {2022-08-29},
 volume = {Band 54},
 publisher = {{Wochenschau Verlag}},
 isbn = {978-3-73440605-8},
 series = {Reihe Politik und Bildung},
 editor = {Lösch, Bettina and Thimmel, Andreas},
 abstract = {},
 pagetotal = {542},
 subtitle = {Ein Handbuch},
 location = {Schwalbach am Taunus},
 file = {Thimmel und Lösch Kritische Politische Bildung:Attachments/Thimmel und Lösch Kritische Politische Bildung.pdf:application/pdf;Lösch, Bettina . Thimmel - Kritische Politische Bildung - 9783734406058:Attachments/Lösch, Bettina . Thimmel - Kritische Politische Bildung - 9783734406058.pdf:application/pdf}
}


@misc{lower2008,
 author = {Löwer, Wolfgang},
 year = {2008},
 title = {Politik},
 url = {https://www.lis.bremen.de/sixcms/media.php/13/POL_GyQ_2008.pdf},
 urldate = {2025-05-26},
 editor = {{Senatorin für Bildung und Wissenschaft}},
 abstract = {},
 location = {Bremen},
 organization = {{Landesinstitut für Schule Bremen}},
 subtitle = {Bildungsplan für die Gymnasiale Oberstufe - Qualifikationsphase -}
}


@article{Massing.2011,
 author = {Massing, Peter and Richter, Dagmar and Detjen, Joachim and Weißeno, Georg and Juchler, Ingo},
 year = {2011},
 title = {\enquote{Konzepte der Politik}: Eine Antwort auf die Kritikergruppe},
 url = {https://nbn-resolving.org/urn:nbn:de:0168-ssoar-64393-5},
 urldate = {2025-06-02},
 pages = {S. 134--143},
 pagination = {page},
 volume = {44},
 journaltitle = {Politische Bildung: Beiträge zur wissenschaftlichen Grundlegung und zur Unterrichtspraxis},
 number = {3},
 abstract = {}
}


@incollection{Massing.2022,
 author = {Massing, Peter},
 title = {Kompetenzmodelle in der Politikdidaktik},
 url = {https://link.springer.com/chapter/10.1007/978-3-658-29668-1_2},
 urldate = {2025-05-30},
 pages = {17--32},
 bookpagination = {page},
 publisher = {{Springer VS}},
 isbn = {978-3-658-29667-4},
 editor = {Weißeno, Georg and Ziegler, Béatrice},
 booktitle = {Handbuch Geschichts- und Politikdidaktik},
 year = {2022},
 abstract = {},
 doi = {10.1007/978-3-658-29668-1_2},
 location = {Wiesbaden and Heidelberg},
 file = {Massing 2022 - Kompetenzmodelle in der Politikdidaktik:Attachments/Massing 2022 - Kompetenzmodelle in der Politikdidaktik.pdf:application/pdf}
}


@article{Massing2012,
 author = {Massing, Peter},
 year = {2012},
 title = {Die vier Dimensionen der Politikkompetenz},
 url = {https://www.bpb.de/shop/zeitschriften/apuz/148228/politische-bildung/},
 urldate = {2025-05-20},
 pages = {S. 23--28},
 pagination = {page},
 volume = {62},
 journaltitle = {Aus Politik und Zeitgeschichte (APuZ)},
 number = {(46-47)},
 abstract = {}
}


@collection{Meyer.2020,
 year = {2020},
 title = {Grundlagen und Praxis inklusiver politischer Bildung},
 url = {https://www.bpb.de/shop/buecher/schriftenreihe/318487/grundlagen-und-praxis-inklusiver-politischer-bildung},
 keywords = {Gerechtigkeit, Soziale;Politische Bildung;Soziale Arbeit},
 volume = {Band 10230},
 publisher = {{Bundeszentrale für politische Bildung}},
 isbn = {978-3-7425-0230-8},
 series = {Schriftenreihe / Bundeszentrale für Politische Bildung},
 editor = {Meyer, Dorothee and Hilpert, Wolfram and Lindmeier, Bettina},
 abstract = {},
 pagetotal = {1347},
 language = {ger},
 location = {Bonn},
 organization = {{Bundeszentrale für Politische Bildung}}
}


@thesis{Neumann2015,
 author = {Neumann, Dominik},
 year = {2015},
 title = {Bildungsmedien Online. Kostenloses Lehrmaterial aus dem Internet.},
 url = {https://d-nb.info/121382995X},
 keywords = {Bildungsmedien;Internet;Lehrmaterial;Lehrmittel;Schulbuch;Schulbuchforschung;Unterrichtspraxis},
 abstract = {Die alltägliche Unterrichtspraxis wird in unseren Schulen durch kaum etwas anderes so stark geprägt wie durch die eingesetzten Lehrmittel. Sie sind es, mit denen die Schüler unter Anleitung des Lehrers Wissen und Kompetenzen für die Zukunft aufbauen sollen.Neben den klassischen Lehrmitteln wie dem Schulbuch findet sich aber gerade in jüngster Zeit ein neues Phänomen, das bisher im wissenschaftlichen Diskurs kaum Beachtung gefunden hat: Kostenloses Lehrmaterial aus dem Internet. Durch seine Wesensart und seine einfachen Distributionswege findet es bei Lehrern sehr großen Anklang. Mit Hilfe von empirischen Methoden wagt sich der Autor auf bisher unerforschtes Terrain und untersucht eben solches Lehrmaterial. Einerseits wird dazu der Bestand in einer Längsschnittstudie über drei Jahre hinweg systematisch beobachtet. Andererseits wird eine Online-Fragebogenstudie unter Lehrkräften aller Fachrichtungen durchgeführt, so dass sich ein sehr detailliertes Bild der aktuellen Nutzungspraktiken von Lehrmitteln im Unterricht zeichnen lässt. Dabei wird deutlich, inwieweit kostenloses Lehrmaterial aus dem Internet inzwischen in unseren Schulen Anwendung findet und ob eine Verdrängung des klassischen Lehrmittels Schulbuch bereits stattfindet.},
 type = {Dissertation},
 location = {Bad Heilbrunn},
 subtitle = {Marktsichtung und empirische Nutzungsanalyse.},
 titleaddon = {Verlag Julius Klinkhardt}
}


@incollection{Nonnenmacher2010,
 author = {Nonnenmacher, Frank},
 title = {Analyse, Kritik und Engagement – Möglichkeiten und Grenzen schulischen Politikunterrichts},
 pages = {459--470},
 bookpagination = {page},
 publisher = {{Wochenschau Verlag}},
 isbn = {978-3-73440605-8},
 series = {Reihe Politik und Bildung},
 editor = {Lösch, Bettina and Thimmel, Andreas},
 booktitle = {Kritische politische Bildung},
 year = {2010},
 abstract = {},
 location = {Schwalbach am Taunus},
 booksubtitle = {Ein Handbuch},
 number = {Band 54},
 file = {Lösch, Bettina . Thimmel - Kritische Politische Bildung - 9783734406058:Attachments/Lösch, Bettina . Thimmel - Kritische Politische Bildung - 9783734406058.pdf:application/pdf},
 urldate = {2022-08-29}
}


@article{Nullmeier2019,
 author = {Nullmeier, Frank},
 title = {\enquote{Bloße Meinung}},
 url = {https://www.soziopolis.de/blosse-meinung.html},
 urldate = {2022-08-22},
 volume = {2019},
 journaltitle = {Soziopolis},
 date = {2019-05-28},
 subtitle = {Über Demokratie, Öffentlichkeit und die Abwertung der Meinung als Gegenteil von Wahrheit},
 abstract = {}
}


@book{Perels2007,
 author = {Perels, Franziska and Schmitz, Bernhard and {van de Loo}, Kirsten},
 year = {2007},
 title = {Training für Unterricht - Training im Unterricht},
 url = {https://doi.org/10.25656/01:1448},
 keywords = {rswk-swf;Unterrichtsmethode},
 urldate = {2024-06-10},
 publisher = {{Vandenhoeck {\&} Ruprecht}},
 isbn = {9783525315347},
 subtitle = {Moderne Methoden machen Schule},
 language = {ger},
 location = {Göttingen},
 abstract = {},
 pagetotal = {160},
 editorc = {Bruder, Simone and Buchbinder, Carla and Krause, Katharina},
 editorctype = {collaborator}
}


@book{Probst.2022,
 author = {Probst, Lothar and Güldner, Matthias and Klee, Andreas},
 year = {2022},
 title = {Politik und Regieren in Bremen},
 publisher = {{Springer Fachmedien Wiesbaden}},
 isbn = {978-3-658-34573-7},
 location = {Wiesbaden},
 abstract = {},
 doi = {10.1007/978-3-658-34574-7}
}


@collection{Pulugurtha.2022,
 year = {2022},
 title = {Literary Representations of Pandemics, Epidemics and Pestilence},
 publisher = {{Routledge India}},
 isbn = {9781003294436},
 editor = {Pulugurtha, Nishi},
 abstract = {},
 doi = {10.4324/9781003294436},
 location = {London}
}


@article{Reinfried2009,
 author = {Reinfried, Sibylle and Mathis, Christian and Kattmann, Ulrich},
 year = {2009},
 title = {Das Modell der Didaktischen Rekonstruktion. Eine innovative Methode zur fachdidaktischen Erforschung und Entwicklung von Unterricht},
 keywords = {370 Education;370 Erziehung;Fachdidaktik;Lehrerbildung;Lehr-Lern-Forschung;Lesson Planing;Planning of teaching;Schul- und Bildungswesen;Specialized didactics;subject didactics;Teacher education;Teachers' training;Teaching-learning research;Unterrichtsplanung},
 pages = {S. 404--414},
 pagination = {page},
 volume = {27},
 issn = {0259-353X},
 journaltitle = {Beiträge zur Lehrerbildung},
 language = {de},
 doi = {10.25656/01:13710},
 number = {3},
 abstract = {Im vorliegenden Beitrag wird das Modell der Didaktischen Rekonstruktion beschrieben. Das Modell ist ein theoretischer und methodischer Rahmen sowohl für die Unterrichtsplanung als auch für die fachdidaktische Lehr-Lernforschung. Es besteht aus den drei Teilen Fachliche Klärung, Erfassung der Schülerperspektiven und Didaktische Strukturierung, deren fachdidaktische Erforschung und Bedeutung für die Konstruktion von Unterricht anhand je eines Beispiels aus der Biologie-, Geschichts- und Geografiedidaktik näher beschrieben werden. Auch wird die Bedeutung des Modells für die Lehrerbildung diskutiert.

In this paper the model of didactic reconstruction is described. The model is a theoretical and methodological framework for both curriculum planning and for didactic teaching-learning research. It consists of three parts: technical clarification, recording student perspectives and didactic structuring. The methodological research and implications for the design of teaching are clearly described based on an example from biology, history and geography didactics. The importance of the model is discussed for teacher training.}
}


@incollection{Roler2016,
 author = {Rößler, Sven},
 title = {Blödmaschine Beutelsbach},
 pages = {276--284},
 bookpagination = {page},
 publisher = {{Bundeszentrale für politische Bildung}},
 isbn = {978-3-8389-0793-2},
 series = {Schriftenreihe / Bundeszentrale für Politische Bildung},
 editor = {Widmaier, Benedikt and Zorn, Peter},
 booktitle = {Brauchen wir den Beutelsbacher Konsens?},
 year = {2016},
 abstract = {},
 location = {Bonn},
 booksubtitle = {Eine Debatte der politischen Bildung},
 number = {Band 1793},
 urldate = {2025-05-21}
}


@book{Sander.2016,
 author = {Sander, Wolfgang and Reinhardt, Sibylle and Petrik, Andreas and Lange, Dirk and Henkenborg, Peter and Hedtke, Reinhold and Grammes, Tilman and Besand, Anja},
 year = {2016},
 title = {Was ist gute politische Bildung?},
 publisher = {{Wochenschau Verlag}},
 isbn = {978-3-7344-0166-4},
 subtitle = {Leitfaden für den sozialwissenschaftlichen Unterricht},
 location = {Schwalbach am Taunus},
 series = {Wochenschau Politik},
 abstract = {},
 note = {Autorengruppe Fachdidaktik}
}


@collection{Schiele1977,
 year = {1977},
 title = {Das Konsensproblem in der politischen Bildung.},
 editor = {Schiele, Siegfried and Schneider, Herbert},
 abstract = {},
 location = {Stuttgart},
 file = {Schiele, Schneider (Hg.) 1977 - Das Konsensproblem in der politischen:Attachments/Schiele, Schneider (Hg.) 1977 - Das Konsensproblem in der politischen.pdf:application/pdf}
}


@article{Scholz2004,
 author = {Scholz, Gerold},
 year = {2004},
 title = {Offen, aber nicht beliebig: Materialien für den Sachunterricht},
 journaltitle = {widerstreit sachunterricht},
 language = {ger},
 doi = {10.25673/112140},
 number = {2},
 abstract = {Der Sachunterricht beschäftigt sich mit Sachzusammenhängen. Seine grundsätzliche didaktische Zielsetzung besteht deshalb darin, mit Sachzusammenhängen umzugehen und nicht mit Bildern oder Texten über Sachen. Mit Sachen umgehen kann entweder heißen, sie in der Realität, also außerhalb der Schule aufzusuchen oder sie in die Schule hereinzuholen. Drei Gründe legen es dennoch nahe, auch Materialien im Sachunterricht einzusetzen: Es gibt Sachzusammenhänge, die nicht aufgesucht und untersucht werden können. Etwa: Einen Ameisenhaufen darf man nicht zerstören und eine Schulklasse kann man nicht bei einer Geburt zuschauen lassen. Materialien können die Auseinandersetzung mit Sachzusammenhängen vorbereiten oder begleiten. Es lassen sich aus Büchern und Bildern Anregungen entnehmen, ebenso Fragen oder Aufgaben. Die Dokumentation der Sachbegegnung kann ebenfalls durch Materialien unterstützt werden. Sachzusammenhänge sind komplex. Materialien können eine Reduktion der Komplexität vornehmen, indem sie das Wesentliche eines Zusammenhanges enthalten. Hier geht es vor allem um Dinge, um Geräte oder einfache Abläufe. Diese Gegenstände können - im Unterschied zur Realität - Kindern die Möglichkeit bieten, selbst handelnd mit ihnen umzugehen. Diese Ausgangsthesen beinhalten eine bestimmte Grundposition zum Sachunterricht. Die Diskussion der Materialien zum Sachunterricht kann nicht von der Didaktik des Sachunterrichts getrennt werden, denn die Art des Zuganges zu einem Sachverhalt ist entscheidend dafür, was eigentlich von der Sache gelernt wird.}
}


@book{Schroder.2020,
 author = {Schröder, Hendrik},
 year = {2020},
 title = {Emotionen und politisches Urteilen},
 publisher = {{Springer Fachmedien Wiesbaden}},
 isbn = {978-3-658-30655-7},
 location = {Wiesbaden},
 series = {Politische Bildung},
 abstract = {}
}


@misc{Schwarzer.05.02.2021,
 author = {Schwarzer, Matthias},
 title = {Wutrede von Wollunternehmer: Das steckt hinter dem witzigen Clip},
 url = {https://www.rnd.de/medien/wutrede-von-woll-unternehmer-das-steckt-hinter-dem-viralen-clip-5WPMZ52XHRCJVA73IMOF7LRQ2E.html},
 urldate = {2025-05-21},
 abstract = {},
 date = {2021-02-05},
 editor = {{Redaktionsnetzwerk Deutschland}}
}


@misc{Schwarzer.08.02.2021,
 author = {Schwarzer, Matthias},
 title = {Bürgermeister reagiert auf wütenden Wollunternehmer: „Nicht jaulen“},
 url = {https://www.rnd.de/panorama/burgermeister-reagiert-auf-wutenden-woll-unternehmer-nicht-jaulen-EOPRRN6X3NETDHLZOLWNYI6N2Q.html},
 urldate = {2025-05-21},
 abstract = {},
 date = {2021-02-08},
 editor = {{Redaktionsnetzwerk Deutschland}}
}


@article{Slopinski2014,
 author = {Slopinski, Andreas and Selck, Torsten J.},
 year = {2014},
 title = {Wie lassen sich Wertaussagen in Schulbüchern aufspüren?},
 pages = {S. 124--141},
 pagination = {page},
 volume = {6},
 issn = {2041-6938},
 journaltitle = {Journal of Educational Media, Memory, and Society},
 doi = {10.3167/jemms.2014.060107},
 number = {1},
 abstract = {}
}


@collection{Stricker2022,
 year = {2022},
 title = {Agilität in der Schulentwicklung},
 publisher = {{Springer VS}},
 isbn = {978-3-658-38174-5},
 series = {Research},
 editor = {Stricker, Tobias},
 abstract = {},
 pagetotal = {269},
 doi = {10.1007/978-3-658-38175-2},
 note = {Stricker, Tobias (HerausgeberIn)},
 language = {ger},
 subtitle = {Perspektiven aus Theorie, Forschung und Praxis},
 location = {Wiesbaden and Heidelberg}
}


@article{Sturm.2021,
 author = {Sturm, Roland},
 year = {2021},
 title = {Föderalismus},
 url = {https://elibrary.utb.de/doi/pdf/10.3224/gwp.v70i3.09},
 urldate = {2025-06-30},
 pages = {395--406},
 pagination = {page},
 volume = {70},
 issn = {00165875},
 journaltitle = {GWP – Gesellschaft. Wirtschaft. Politik},
 shortjournal = {GWP},
 doi = {10.3224/gwp.v70i3.09},
 number = {3},
 abstract = {}
}


@article{Taube2023,
 author = {Taube, Dorothea},
 year = {2023},
 title = {Engagiert unterrichten? Globalisierungsbezogene Bildungsmaterialien für Lehrkräfte im Kontext einer Bildung in der Weltgesellschaft auf dem Prüfstand},
 keywords = {370 Education;370 Erziehung;Antiracism;Antirassismus;Bildung für nachhaltige Entwicklung;Complexity;Content analysis;Contents of teaching;Deutschunterricht;Didaktik;Educational Media;Educational technology;Elementary School;Example for teaching;German language teaching;Global learning;Globales Lernen;Grundschule;Inhaltsanalyse;Komplexität;Media teaching aids;Primary school;Primary school lower level;Schul- und Bildungswesen;Teaching content;Teaching of German;Teaching unit;Training method;Unterrichtsbeispiel;Unterrichtseinheit;Unterrichtsinhalt;Unterrichtsmaterial;Unterrichtsmedien;Weltgesellschaft;Wissensvermittlung;World society},
 volume = {46},
 issn = {1434-4688},
 journaltitle = {ZEP : Zeitschrift für internationale Bildungsforschung und Entwicklungspädagogik},
 titleaddon = {ZEP : Zeitschrift für internationale Bildungsforschung und Entwicklungspädagogik 46 (2023) 2, S. 31-36},
 language = {de},
 doi = {10.25656/01:27085},
 abstract = {Eine Vielzahl von Unterrichtsmaterialien, die sich mit entwicklungs- bzw. globalisierungsbezogenen Themen beschäftigen, sind für Lehrende als fertige Arbeitspakete für den Einsatz im Unterricht kostenlos verfügbar. Die Rückbindung an aktuelle Standards und Diskurslinien einer Bildung in der Weltgesellschaft ist allerdings nicht immer gegeben. Im vorliegenden Beitrag wird eine Unterrichtseinheit zum Thema „Leben in einem Dorf in Afrika“ als Einheit für das Fach Deutsch in der Grundschule beispielhaft reflektiert. Die Diskussion des Unterrichtsmaterials wird entlang von drei zentralen pädagogischen Herausforderungen vorgenommen, die mit dem Lehren und Lernen im Kontext von Bildung in der Weltgesellschaft assoziiert sind: (1) dem Umgang mit der Komplexität weltgesellschaftlicher Themen, (2) der Abstraktheit der Inhalte und (3) dem Einbringen einer rassismuskritischen Perspektive. Die vorgenommene Analyse verdeutlicht, dass im vorgestellten Unterrichtsmaterial die benannten Herausforderungen den aktuellen wissenschaftlichen Befunden zu Lehr-Lernprozessen nach nur ungenügend adressiert werden. Davon ausgehend werden Anregungen für die Adressierung benannter Herausforderungen gegeben und Vorschläge für die Weiterentwicklung vorgestellt. (DIPF/Orig.)

Various teaching materials are available free of charge for student teachers and in-service teachers which provide a comprehensive account of how to teach specific topics related to Global Education in class. The development of some of these materials shows a lack of professional reflection with regard to current standards and discussion in the overall discourse on Global Education. This paper critically considers an example of teaching material on “Living in a village in Africa” provided for student teachers in their German lessons in Elementary Schools. The materials' didactical approach is discussed against the background of three core challenges associated with Global Education: (1) dealing with the complexity of worldwide interrelations, (2) conveying abstract phenomena and (3) applying an anti-racist perspective. The analysis provided in the article makes clear that the material does not adequately address the challenges named above from the perspective of current scientific findings on teaching and learning processes. Based on this, suggestions for the further development of the material are given. (DIPF/Orig.)}
}


@collection{Tenorth.2004,
 year = {2004},
 title = {Kerncurriculum Oberstufe II. Biologie, Chemie, Physik, Geschichte, Politik. Expertisen - Im Auftrag der Ständigen Konferenz der Kultusminister},
 editor = {Tenorth, Heinz-Elmar},
 abstract = {},
 location = {Weinheim and Basel}
}


@misc{vogel2006gs,
 author = {Vogel, Beate},
 year = {2006},
 title = {Welt-Umweltkunde. Geschichte, Geografie, Politik},
 url = {https://www.lis.bremen.de/sixcms/media.php/13/06-12-06_wuk_gs.pdf},
 urldate = {2025-03-20},
 editor = {{Senator für Bildung und Wissenschaft}},
 abstract = {},
 location = {Bremen},
 organization = {{Landesinstitut für Schule Bremen}},
 subtitle = {Bildungsplan für die Gesamtschule Jahrgangsstufe 5 - 10}
}


@misc{vogel2006gy,
 author = {Vogel, Beate},
 year = {2006},
 title = {Welt-Umweltkunde, Geschichte, Geografie, Politik},
 url = {https://www.lis.bremen.de/sixcms/media.php/13/06-12-06_wuk-gy.pdf},
 urldate = {2025-03-20},
 editor = {{Senator für Bildung und Wissenschaft}},
 abstract = {},
 location = {Bremen},
 organization = {{Landesinstitut für Schule Bremen}},
 subtitle = {Bildungsplan für das Gymnasium Jahrgangsstufe 5 - 10}
}


@misc{vogel2010gp,
 author = {Vogel, Beate},
 year = {2010},
 title = {Gesellschaft und Politik. Geografie, Geschichte, Politik},
 url = {https://www.lis.bremen.de/sixcms/media.php/13/2010_BP_O_GP%20Erlassversion.pdf},
 urldate = {2025-03-20},
 editor = {{Senatorin für Bildung und Wissenschaft}},
 abstract = {},
 location = {Bremen},
 organization = {{Landesinstitut für Schule Bremen}},
 subtitle = {Bildungsplan für die Oberschule}
}


@misc{vogel2010nw,
 author = {Vogel, Beate},
 year = {2010},
 title = {Naturwissenschaften. Biologie, Chemie, Physik},
 url = {https://www.lis.bremen.de/sixcms/media.php/13/2010_BP_O_Nat%20Erlassversion.pdf},
 urldate = {2025-03-20},
 editor = {{Senatorin für Bildung und Wissenschaft}},
 abstract = {},
 location = {Bremen},
 organization = {{Landesinstitut für Schule Bremen}},
 subtitle = {Bildungsplan für die Oberschule}
}


@misc{WD8.2016,
 year = {2016},
 title = {Sachstand: Schulischer Politikunterricht in den Bundesländern},
 url = {https://www.bundestag.de/resource/blob/487700/d782a1c792d2e8b02d26a25ffb1b0835/wd-8-077-16-pdf-data.pdf},
 urldate = {2025-05-02},
 number = {WD 8 - 3000 - 077/16},
 editor = {{Wissenschaftliche Dienste des Deutschen Bundestages}},
 abstract = {},
 note = {WD 8: Umwelt, Naturschutz, Reaktorsicherheit, Bildung und Forschung}
}


@incollection{Wehling1977,
 author = {Wehling, Hans Georg},
 title = {Konsens à la Beutelsbach?},
 pages = {173--184},
 bookpagination = {page},
 editor = {Schiele, Siegfried and Schneider, Herbert},
 booktitle = {Das Konsensproblem in der politischen Bildung.},
 year = {1977},
 abstract = {},
 subtitle = {Nachlese zu einem Expertengespräch.},
 location = {Stuttgart}
}


@collection{Weieno.2022,
 year = {2022},
 title = {Handbuch Geschichts- und Politikdidaktik},
 keywords = {History;Political science;Study and teaching},
 publisher = {{Springer VS}},
 isbn = {978-3-658-29667-4},
 editor = {Weißeno, Georg and Ziegler, Béatrice},
 abstract = {Dieses Handbuch fasst die Diskussion zur Geschichts- und Politikdidaktik systematisch zusammen. Die Beiträge sind aus dem Blickwinkel der jeweiligen Didaktik als eigenständiger Wissenschaftsdisziplin verfasst, benennen die entsprechenden Kontroversen und zeigen die wichtigsten Forschungsentwicklungen auf. Die Zielgruppe des Handbuches sind Wissenschaftlerinnen und Wissenschaftler, die sich einen breiten und fundierten Überblick zu einer Thematik verschaffen wollen - von Studierenden bis zu Professorinnen und Professoren.},
 doi = {10.1007/978-3-658-29668-1},
 note = {Weißeno, Georg (HerausgeberIn)
Ziegler, Béatrice (HerausgeberIn)},
 location = {Wiesbaden and Heidelberg}
}


@book{weißeno.2010,
 author = {Weißeno, Georg and Detjen, Joachim and Juchler, Ingo and Massing, Peter and Richter, Dagmar},
 year = {2010},
 title = {Konzepte der Politik},
 url = {https://www.bpb.de/shop/buecher/schriftenreihe/35835/konzepte-der-politik/},
 urldate = {2025-06-02},
 volume = {1016},
 publisher = {{bpb Bundeszentrale für politische Bildung}},
 isbn = {978-3-8389-0016-2},
 subtitle = {Ein Kompetenzmodell},
 location = {Bonn},
 series = {Schriftenreihe / Bundeszentrale für Politische Bildung},
 abstract = {Das in diesem Band vorgestellte Modell versucht aus politikdidaktischer Sicht das schulische politische Wissen im Sinne von Standards zu definieren. Die Autoren/-innen haben sich auf Maximal- und Minimalstandards für alle Schulstufen durch Verfahren geeinigt. Ihr Kompetenzmodell erhebt den Anspruch, Politik als inhaltlichen Kernbereich des Faches {\textquotedbl}Politische Bildung{\textquotedbl} zu klären. Zugleich begründen sie politikwissenschaftlich und politikdidaktisch, warum dieses Wissen vermittelt werden soll. Dabei nutzen sie neueste Erkenntnisse der Lernpsychologie zur Konstruktion und zum Aufbau von Wissen im Gehirn. Lehrerinnen und Lehrern wie auch Schülerinnen und Schülern werden konkrete Hinweise zu Fehlkonzepten, Themen und Begriffsnetzen angeboten},
 pagetotal = {231},
 file = {Konzepte der Politik_091201:Attachments/Konzepte der Politik_091201.pdf:application/pdf}
}


@collection{Widmaier2016,
 year = {2016},
 title = {Brauchen wir den Beutelsbacher Konsens?},
 url = {https://www.bpb.de/system/files/dokument_pdf/1793_Beutelsbacher_Konsens_ba.pdf},
 keywords = {Citizenship;Congresses;Study and teaching},
 urldate = {2025-05-21},
 volume = {Band 1793},
 publisher = {{Bundeszentrale für politische Bildung}},
 isbn = {978-3-8389-0793-2},
 series = {Schriftenreihe / Bundeszentrale für Politische Bildung},
 editor = {Widmaier, Benedikt and Zorn, Peter},
 abstract = {},
 pagetotal = {368},
 language = {ger},
 subtitle = {Eine Debatte der politischen Bildung},
 location = {Bonn}
}


@misc{Wolle,
 author = {Gännsicke, Anne and {Redaktuer*in: Müller}, Birgit and {underDOK Filmproduktion}},
 title = {Wolle for future - Es wird immer bunter},
 url = {https://www.youtube.com/watch?v=E9UgBzmU30E},
 urldate = {2025-05-21},
 series = {Die Nordreportage},
 abstract = {},
 date = {2021-02-01},
 organization = {NDR},
 subtitle = {Die Nordreportage}
}


@misc{Zandonella.2024,
 author = {Zandonella, Martina and Zier, Jan},
 year = {05.08.2024},
 title = {Betriebsräte särken die Demokratie - Interview mit Martina Zandonella: Was Unternehmen gegen sinkende Wahlbeteiligung und politische Apathie tun können},
 url = {https://www.arbeitnehmerkammer.de/service/magazin-der-arbeitnehmerkammer/bam/ausgabe-juli/august-2024/o-interview-martina-zandonella-betriebsraete-staerken-die-demokratie.html},
 urldate = {2025-06-10},
 editor = {{Arbeitnehmerkammer Bremen}},
 abstract = {}
}


